@article{ZivLempel1978,
  title={Compression of Individual Sequences via Variable-Rate Coding},
  author={Ziv, Jacob and Lempel, Abraham},
  journal={IEEE Transactions on Information Theory},
  volume={IT-24},
  number={5},
  month={Sep},
  year={1978},
  publisher={IEEE}
}
@article{welch1984technique,
  title={A Technique for High-Performance Data Compression},
  author={Welch, Terry},
  journal={Computer},
  volume={17},
  number={6},
  pages={8--19},
  year={1984},
  publisher={IEEE},
  doi={10.1109/MC.1984.1659158}
}
@article{ziv1977universal,
  title={A universal algorithm for data compression},
  author={Ziv, J. and Lempel, A.},
  journal={IEEE Transactions on Information Theory},
  volume={23},
  number={3},
  pages={337--343},
  year={1977},
  publisher={IEEE}
}
@book{smith1997scientist,
  title={The Scientist and Engineer's Guide to Digital Signal Processing},
  author={Smith, Steven W.},
  year={1997},
  publisher={California Technical Publishing},
  url={https://www.dspguide.com/ch27/5.htm}
}
@inproceedings{kinsner1991lempel,
  title={The Lempel-Ziv-Welch (LZW) data compression algorithm for packet radio},
  author={Kinsner, W. and Greenfield, R.H.},
  booktitle={Proceedings WESCANEX '91},
  publisher={IEEE},
  doi={10.1109/wescan.1991.160551}
}
@article{shannon1948mathematical,
  title={A mathematical theory of communication},
  author={Shannon, Claude E.},
  journal={Bell System Technical Journal},
  volume={27},
  number={3},
  pages={379--423},
  year={1948},
  publisher={Wiley Online Library}
}

@inproceedings{bloom1970space,
  title={Space/time trade-offs in hash coding with allowable errors},
  author={Bloom, Burton H.},
  booktitle={Communications of the ACM},
  volume={13},
  number={7},
  pages={422--426},
  year={1970},
  publisher={ACM}
}

@article{hoffman1970adaptive,
  title={An adaptive variable-length coding technique for data compression},
  author={Huffman, David A.},
  journal={IEEE Transactions on Information Theory},
  volume={16},
  number={2},
  pages={83--87},
  year={1970},
  publisher={IEEE}
}

@article{mackay2003information,
  title={Information theory, inference, and learning algorithms},
  author={MacKay, David JC},
  journal={Cambridge University Press},
  year={2003}
}

@article{liu2012survey,
  title={A survey of data compression methods and tools},
  author={Liu, Jian and Yao, Baozong},
  journal={Journal of computer science and technology},
  volume={27},
  number={2},
  pages={312--326},
  year={2012},
  publisher={Springer}
}

