@article{lzw1984,
  title={A technique for high-performance data compression},
  author={Lempel, Abraham and Ziv, Jacob and Welch, Terry A},
  journal={IEEE Computer},
  volume={17},
  number={6},
  pages={8--19},
  year={1984},
  publisher={IEEE}
}